<?xml version="1.0" encoding="UTF-8"?>
<zs:searchRetrieveResponse xmlns:zs="http://www.loc.gov/zing/srw/">
  <zs:version>1.1</zs:version>
  <zs:numberOfRecords>2</zs:numberOfRecords>
  <zs:records>
    <zs:record>
      <zs:recordSchema/>
      <zs:recordPacking>xml</zs:recordPacking>
      <zs:recordData>
        <record xmlns="http://www.loc.gov/MARC21/slim">
          <leader>01731cfm a2200385   4500</leader>
          <controlfield tag="001">5432714</controlfield>
          <controlfield tag="005">20060801164416.0</controlfield>
          <controlfield tag="007">ay|aafzn</controlfield>
          <controlfield tag="008">761104r19291928enkj      a     0 e eng  </controlfield>
          <datafield tag="035" ind1=" " ind2=" ">
            <subfield code="9">(DLC)   76697119</subfield>
          </datafield>
          <datafield tag="906" ind1=" " ind2=" ">
            <subfield code="a">7</subfield>
            <subfield code="b">cbc</subfield>
            <subfield code="c">orignew</subfield>
            <subfield code="d">u</subfield>
            <subfield code="e">ncip</subfield>
            <subfield code="f">19</subfield>
            <subfield code="g">y-geogmaps</subfield>
          </datafield>
          <datafield tag="010" ind1=" " ind2=" ">
            <subfield code="a">   76697119 </subfield>
          </datafield>
          <datafield tag="040" ind1=" " ind2=" ">
            <subfield code="a">DLC</subfield>
            <subfield code="c">DLC</subfield>
            <subfield code="d">DLC</subfield>
          </datafield>
          <datafield tag="050" ind1="0" ind2="0">
            <subfield code="a">G5754.L7A3 1590</subfield>
            <subfield code="b">.P5 1929</subfield>
          </datafield>
          <datafield tag="052" ind1=" " ind2=" ">
            <subfield code="a">5754</subfield>
            <subfield code="b">L7</subfield>
          </datafield>
          <datafield tag="245" ind1="0" ind2="0">
            <subfield code="a">Plan of the area lying east of St. Katharine's Hospital (now St. Katharine's Dock), circa 1590</subfield>
            <subfield code="c">(Public Record Office, M.P., B.4). Reproduced from a tracing by Marjorie B. Honeybourne.</subfield>
          </datafield>
          <datafield tag="260" ind1=" " ind2=" ">
            <subfield code="c">[1928?]</subfield>
            <subfield code="a">London,</subfield>
            <subfield code="b">Topographical Society</subfield>
            <subfield code="c">[1929]</subfield>
          </datafield>
          <datafield tag="300" ind1=" " ind2=" ">
            <subfield code="a">map</subfield>
            <subfield code="c">70 x 55 cm.</subfield>
          </datafield>
          <datafield tag="507" ind1=" " ind2=" ">
            <subfield code="a">Scale ca. 1:875.</subfield>
          </datafield>
          <datafield tag="500" ind1=" " ind2=" ">
            <subfield code="a">Title from title sheet.</subfield>
          </datafield>
          <datafield tag="500" ind1=" " ind2=" ">
            <subfield code="a">Facsimile of a manuscript.</subfield>
          </datafield>
          <datafield tag="500" ind1=" " ind2=" ">
            <subfield code="a">Relief shown by land form drawings.</subfield>
          </datafield>
          <datafield tag="500" ind1=" " ind2=" ">
            <subfield code="a">Pictorial map.</subfield>
          </datafield>
          <datafield tag="500" ind1=" " ind2=" ">
            <subfield code="a">Bird's-eye-view.</subfield>
          </datafield>
          <datafield tag="500" ind1=" " ind2=" ">
            <subfield code="a">Cadastral map.</subfield>
          </datafield>
          <datafield tag="500" ind1=" " ind2=" ">
            <subfield code="a">"This plan was drawn for use in a law suit ... Neither the plan nor the papers indicate the draughtsman."</subfield>
          </datafield>
          <datafield tag="500" ind1=" " ind2=" ">
            <subfield code="a">"From a plan, circa 1590, of the area lying east of St. Katharine's Hospital (now St. Katharine's Dock). P.R.O. (map room). M.P., B.4."</subfield>
          </datafield>
          <datafield tag="500" ind1=" " ind2=" ">
            <subfield code="a">Accompanied by title sheet with text. 1 l.</subfield>
          </datafield>
          <datafield tag="651" ind1=" " ind2="0">
            <subfield code="a">London (England)</subfield>
            <subfield code="v">Aerial views</subfield>
            <subfield code="v">Early works to 1800</subfield>
            <subfield code="v">Facsimiles.</subfield>
          </datafield>
          <datafield tag="651" ind1=" " ind2="0">
            <subfield code="a">London (England)</subfield>
            <subfield code="v">Maps, Manuscript</subfield>
            <subfield code="v">Early works to 1800</subfield>
            <subfield code="v">Facsimiles.</subfield>
          </datafield>
          <datafield tag="700" ind1="1" ind2=" ">
            <subfield code="a">Honeybourne, Marjorie Blanche,</subfield>
            <subfield code="d">1899-</subfield>
          </datafield>
          <datafield tag="710" ind1="2" ind2=" ">
            <subfield code="a">London Topographical Society.</subfield>
          </datafield>
          <datafield tag="740" ind1="0" ind2="2">
            <subfield code="a">Area lying east of St. Katharine's Hospital (now St. Katharine's Dock), circa 1590.</subfield>
          </datafield>
          <datafield tag="952" ind1=" " ind2=" ">
            <subfield code="a">AACR2: 651/1; 650/2; 710/2</subfield>
          </datafield>
          <datafield tag="991" ind1=" " ind2=" ">
            <subfield code="b">c-G&amp;M</subfield>
            <subfield code="h">G5754.L7A3 1590</subfield>
            <subfield code="i">.P5 1929</subfield>
            <subfield code="t">Copy 1</subfield>
            <subfield code="w">MAPS</subfield>
          </datafield>
        </record>
      </zs:recordData>
      <zs:recordPosition>1</zs:recordPosition>
    </zs:record>